<?xml version="1.0" encoding="UTF-8"?><record xmlns="http://www.loc.gov/MARC21/slim" xmlns:cinclude="http://apache.org/cocoon/include/1.0" xmlns:zs="http://www.loc.gov/zing/srw/">
  <leader>00317nz  a2200121n  4500</leader>
  <controlfield tag="001">n  85074513 </controlfield>
  <controlfield tag="003">DLC</controlfield>
  <controlfield tag="005">19860113093900.8</controlfield>
  <controlfield tag="008">851224n| acannaab|          |n aaa ||| b</controlfield>
  <datafield tag="010" ind1=" " ind2=" ">
    <subfield code="a">n  85074513 </subfield>
  </datafield>
  <datafield tag="040" ind1=" " ind2=" ">
    <subfield code="a">DNLM</subfield>
    <subfield code="c">DLC</subfield>
    <subfield code="d">DLC</subfield>
  </datafield>
  <datafield tag="100" ind1="1" ind2="0">
    <subfield code="a">Salminen, Jouko J.</subfield>
  </datafield>
  <datafield tag="670" ind1=" " ind2=" ">
    <subfield code="a">His The adolescent back, 1984:</subfield>
    <subfield code="b">t.p. (Jouko J. Salminen)</subfield>
  </datafield>
</record>